@misc{gfg_merge_sort,
    title={Merge Sort},
    publisher={GeeksForGeeks},
    url={https://www.geeksforgeeks.org/merge-sort/},
    urldate={2018-12-16}
}

@misc{gfg_nfd,
    title={Newton Forward and Backward Interpolation},
    publisher={GeeksForGeeks},
    url={https://www.geeksforgeeks.org/newton-forward-backward-interpolation/},
    urldate={2018-12-16}
}

@misc{gfg_nq,
    title={N Queen Problem | Backtracking 3},
    publisher={GeeksForGeeks},
    url={https://www.geeksforgeeks.org/n-queen-problem-backtracking-3/},
    urldate={2018-12-16}
}

@misc{gfg_soe,
    title={Sieve of Eratosthenes},
    publisher={GeeksForGeeks},
    url={https://www.geeksforgeeks.org/sieve-of-eratosthenes/},
    urldate={2018-12-17}
}

@misc{gfg_ks,
    title={Implementation of 0/1 Knapsack Using Branch and Bound},
    publisher={GeeksForGeeks},
    url={https://www.geeksforgeeks.org/implementation-of-0-1-knapsack-using-branch-and-bound/},
    urldate={2018-12-17}
}

@misc{gfg_ab,
    title={Minimax Algorithm in Game Theory | Set 4 (Alpha-Beta Pruning)},
    publisher={GeeksForGeeks},
    url={https://www.geeksforgeeks.org/minimax-algorithm-in-game-theory-set-4-alpha-beta-pruning/},
    urldate={2018-12-17}
}

@misc{cis,
    title={CIS603 S03},
    url={https://cis.temple.edu/~vasilis/Courses/CIS603/Lectures/l7.html},
    urldate={2018-12-17}
}

@misc{so_soe,
    title={Time Complexity of the Sieve of Eratosthenes Algorithm},
    url={https://stackoverflow.com/questions/2582732/time-complexity-of-sieve-of-eratosthenes-algorithm},
    urldate={2018-12-17}
}

